%% This BibTeX bibliography file was created using BibDesk.
%% http://bibdesk.sourceforge.net/


%% Created for Hadley Wickham at 2007-03-17 09:31:39 -0500 


%% Saved with string encoding Western (ASCII) 

@book{dalgaard:2002,
	Author = {Peter Dalgaard},
	Date-Added = {2007-03-17 09:31:04 -0500},
	Date-Modified = {2007-03-17 09:31:30 -0500},
	Publisher = {Springer},
	Title = {Introductory Statistics with R},
	Year = {2002}}

@book{cook:2007,
	Author = {Dianne Cook and Deborah F. Swayne},
	Date-Added = {2007-03-17 09:27:21 -0500},
	Date-Modified = {2007-03-17 09:28:00 -0500},
	Publisher = {Springer},
	Title = {Interactive and Dynamic Graphics for Data Analysis: With Examples Using R and GGobi},
	Year = {2007}}

@book{murrell:2005,
	Author = {Paul Murrell},
	Date-Added = {2007-03-17 09:26:36 -0500},
	Date-Modified = {2007-03-17 09:27:10 -0500},
	Publisher = {Chapman & Hall/CRC},
	Title = {R graphics},
	Year = {2005}}

@book{koenker:2005,
	Author = {Koenker, R.},
	Date-Added = {2007-03-06 16:51:53 -0600},
	Date-Modified = {2007-03-06 16:52:22 -0600},
	Publisher = {Cambridge University Press},
	Series = {Econometric Society Monograph Series},
	Title = {Quantile Regression},
	Year = {2005}}

@article{cox:2007,
	Author = {Nicholas J. Cox},
	Date-Added = {2007-03-03 10:38:00 -0600},
	Date-Modified = {2007-03-03 10:55:00 -0600},
	Journal = {Journal of Statistical Software},
	Title = {The Grammar of Graphics},
	Url = {http://www.jstatsoft.org/v17/b03/v17b03.pdf},
	Volume = {17},
	Year = {2007}}

@book{becker:1985,
	Author = {Rick Becker and John Chambers},
	Date-Added = {2007-02-27 19:18:14 -0600},
	Date-Modified = {2007-02-27 19:18:50 -0600},
	Publisher = {Wadsworth},
	Title = {Extending the S System},
	Year = {1985}}

@book{tukey:1977,
	Annote = {Exploration vs. confirmation (need to mention obsession of statisticians in general with confirmatory analyses).  Smoothing to see trend, esp. useful when variability high.  Founding father.},
	Author = {Tukey, John W.},
	Date-Added = {2007-02-26 21:13:45 -0600},
	Date-Modified = {2007-02-26 21:13:45 -0600},
	Publisher = {Addison Wesley},
	Title = {Exploratory data analysis},
	Year = {1977}}

@book{chambers:1983,
	Author = {Chambers, John and Cleveland, William and Kleiner, Beat and Tukey, Paul},
	Date-Added = {2007-02-26 21:13:22 -0600},
	Date-Modified = {2007-02-26 21:13:22 -0600},
	Publisher = {Wadsworth},
	Title = {Graphical methods for data analysis},
	Year = {1983}}

@book{robbins:2004,
	Author = {Naomi Robbins},
	Date-Added = {2007-02-26 21:11:48 -0600},
	Date-Modified = {2007-02-26 21:12:21 -0600},
	Publisher = {Wiley-Interscience},
	Title = {Creating More Effective Graphs},
	Year = {2004}}

@book{tufte:2006,
	Address = {Chesire, Connecticut},
	Author = {Edward R. Tufte},
	Date-Added = {2007-02-26 21:10:03 -0600},
	Date-Modified = {2007-02-26 21:32:16 -0600},
	Publisher = {Graphics Press},
	Title = {Beautiful evidence},
	Year = 2006}

@book{tufte:2001,
	Address = {Chesire, Connecticut},
	Author = {Edward R. Tufte},
	Date-Added = {2007-02-26 21:09:04 -0600},
	Date-Modified = {2007-02-26 21:09:04 -0600},
	Edition = 2,
	Publisher = {Graphics Press},
	Title = {The Visual Display of Quantitative Information.},
	Year = 2001}

@book{tufte:1990,
	Address = {Chesire, Connecticut},
	Author = {Edward R. Tufte},
	Date-Added = {2007-02-26 21:09:04 -0600},
	Date-Modified = {2007-02-26 21:32:01 -0600},
	Publisher = {Graphics Press},
	Title = {Envisioning information},
	Year = 1990}

@book{tufte:1997,
	Address = {Chesire, Connecticut},
	Author = {Edward R. Tufte},
	Date-Added = {2007-02-26 21:08:41 -0600},
	Date-Modified = {2007-02-26 21:32:08 -0600},
	Publisher = {Graphics Press},
	Title = {Visual explanations},
	Year = 1997}

@techreport{wilks:1995a,
	Author = {Allan Wilks},
	Date-Added = {2007-02-26 20:49:05 -0600},
	Date-Modified = {2007-02-26 20:49:23 -0600},
	Institution = {AT&T Bell Laboratories},
	Local-Url = {file://localhost/Users/hadley/Documents/graphics/controlling-graphics.pdf},
	Title = {Controlling Graphics Devices for Statistical Graphics},
	Year = {1995}}

@techreport{wilks:1995,
	Author = {Allan Wilks},
	Date-Added = {2007-02-26 20:48:28 -0600},
	Date-Modified = {2007-02-26 20:49:35 -0600},
	Institution = {AT&T Bell Laboratories},
	Local-Url = {file://localhost/Users/hadley/Documents/graphics/constraint-reps.pdf},
	Title = {Constraint-Based Representations of Statistical Graphs},
	Year = {1995}}

@manual{grid,
	Author = {Paul Murrell},
	Date-Added = {2007-02-26 20:35:39 -0600},
	Date-Modified = {2007-02-26 20:35:46 -0600},
	Note = {R package version 2.2.0},
	Title = {grid: Grid Graphics},
	Year = {2005}}

@conference{wilhelm:2005,
	Author = {Wilhelm, A.},
	Booktitle = {Handbook of statistics 24: Data mining and data visualisation},
	Date-Added = {2007-02-26 20:35:39 -0600},
	Date-Modified = {2007-02-26 20:35:39 -0600},
	Title = {Interactive statistical graphics: the paradigm of linked views},
	Year = {2005}}

@manual{sarkar:2005,
	Author = {Deepayan Sarkar},
	Date-Added = {2007-02-26 20:35:39 -0600},
	Date-Modified = {2007-02-26 20:35:39 -0600},
	Note = {R package version 0.12-11},
	Title = {lattice: Lattice Graphics},
	Year = {2005}}

@conference{wickham:2005,
	Author = {Wickham, Hadley},
	Booktitle = {Proceedings of the 4th International Workshop on Directions in Statistical Computing},
	Date-Added = {2007-02-26 20:35:39 -0600},
	Date-Modified = {2007-02-26 20:35:39 -0600},
	Title = {Reshaping data in R},
	Year = {2005}}

@book{cleveland:1994,
	Author = {Cleveland, William},
	Date-Added = {2007-02-26 20:35:39 -0600},
	Date-Modified = {2007-02-26 20:35:39 -0600},
	Publisher = {Hobart Press},
	Title = {The Elements of Graphing Data},
	Year = {1994}}

@book{wilkinson:2006,
	Author = {Wilkinson, Leland},
	Date-Added = {2007-02-26 20:35:39 -0600},
	Date-Modified = {2007-02-26 20:45:01 -0600},
	Publisher = {Springer},
	Series = {Statistics and Computing},
	Title = {The Grammar of Graphics},
	Year = {2006}}

@book{cleveland:1993,
	Author = {Cleveland, William},
	Date-Added = {2007-02-26 20:35:39 -0600},
	Date-Modified = {2007-02-26 20:35:39 -0600},
	Publisher = {Hobart Press},
	Title = {Visualizing data},
	Year = {1993}}

@manual{R,
	Address = {Vienna, Austria},
	Author = {{R Development Core Team}},
	Note = {{ISBN} 3-900051-07-0},
	Organization = {R Foundation for Statistical Computing},
	Title = {R: A Language and Environment for Statistical Computing},
	Url = {http://www.R-project.org},
	Year = {2006}}

@manual{reshape,
	Author = {Hadley Wickham},
	Note = {R package version 0.7.1},
	Title = {reshape: Flexibly reshape data.},
	Url = {http://had.co.nz/reshape/},
	Year = {2005}}
