
@Article{azzalini:1990,
  author  = {Azzalini, A. and Bowman, A. W},
  journal = {Applied Statistics},
  pages   = {357--365},
  title   = {A look at some data on the Old Faithful geyser.},
  volume  = {39},
  year    = {1990}
}

@InCollection{brewer:1994,
  address = {Tarrytown, NY},
  author  = {Brewer, Cynthia A.},
  booktitle={Visualization in Modern Cartography},
  chapter = {7},
  editor  = {MacEachren, A.M. and Taylor, D.R.F.},
  keywords= {perception/colour; perception},
  pages   = {123-147},
  publisher={Elsevier Science},
  title   = {Color Use Guidelines for Mapping and Visualization},
  year    = {1994}
}

@InProceedings{brewer:1994a,
  author  = {Brewer, Cynthia A.},
  booktitle={Color Hard Copy and Graphic Arts III, Proceedings of the
            International Society for Optical Engineering (SPIE), San Jose},
  keywords= {perception/colour; perception},
  pages   = {54-63},
  title   = {Guidelines for Use of the Perceptual Dimensions of Color for
            Mapping and Visualization},
  volume  = {2171},
  year    = {1994}
}

@Article{carr:1987,
  author  = {Carr, D. B. and Littlefield, R. J. and Nicholson, W. L. and
            Littlefield, J. S.},
  journal = {Journal of the American Statistical Association},
  keywords= {large-data, plot/point},
  number  = {398},
  pages   = {424-436},
  title   = {Scatterplot Matrix Techniques for Large N},
  volume  = {82},
  year    = {1987}
}

@Article{carr:1994,
  author  = {Carr, Dan},
  journal = {ASA Statistical Computing and Graphics Newsletter},
  keywords= {perception; aesthetics},
  number  = {5},
  pages   = {11-14},
  title   = {Using Gray in Plots},
  url     = {http://www.galaxy.gmu.edu/~dcarr/lib/v5n2.pdf},
  volume  = {2},
  year    = {1994}
}

@Article{carr:1999,
  author  = {Carr, Dan and Sun, Ru},
  journal = {ASA Statistical Computing and Graphics Newsletter},
  keywords= {perception},
  number  = {1},
  pages   = {25-31},
  title   = {Using Layering and Perceptual Grouping in Statistical Graphics},
  volume  = {10},
  year    = {1999}
}

@InCollection{carr:2002,
  author  = {Carr, Dan},
  booktitle={Encyclopedia of Environmetrics},
  editor  = {El-Shaarawi, Abdel H. and Piegorsch, Walter W.},
  keywords= {perception},
  pages   = {933-960},
  publisher={John Wiley \& Sons, Ltd, Chichester},
  title   = {Graphical displays},
  url     = {http://www.galaxy.gmu.edu/%7Edcarr/lib/EnvironmentalGraphics.pdf}
            ,
  volume  = {2},
  year    = {2002}
}

@Book{chambers:1983,
  author  = {Chambers, John and Cleveland, William and Kleiner, Beat and
            Tukey, Paul},
  keywords= {data-analysis},
  publisher={Wadsworth},
  title   = {Graphical methods for data analysis},
  year    = {1983}
}

@Article{cleveland:1987,
  author  = {Cleveland, William S and McGill, Robert},
  journal = {Journal of the Royal Statistical Society. Series A (General)},
  keywords= {perception},
  number  = {3},
  pages   = {192-229},
  title   = {Graphical Perception: The Visual Decoding of Quantitative
            Information on Graphical Displays of Data},
  volume  = {150},
  year    = {1987}
}

@Book{cleveland:1993,
  author  = {Cleveland, William},
  keywords= {data-analysis},
  publisher={Hobart Press},
  title   = {Visualizing data},
  year    = {1993}
}

@Article{cleveland:1993a,
  author  = {Cleveland, William},
  journal = {Journal of Computational and Graphical Statistics},
  keywords= {perception},
  pages   = {323-364},
  title   = {A model for studying display methods of statistical graphics},
  url     = {http://stat.bell-labs.com/doc/93.4.ps},
  volume  = {2},
  year    = {1993}
}

@Book{cleveland:1994,
  author  = {Cleveland, William},
  publisher={Hobart Press},
  title   = {The Elements of Graphing Data},
  year    = {1985}
}

@Book{cook:2007,
  author  = {Cook, Dianne and Swayne, Deborah F.},
  keywords= {software/ggobi},
  publisher={Springer},
  title   = {Interactive and Dynamic Graphics for Data Analysis: With
            Examples Using R and GGobi},
  year    = {2007}
}

@Manual{dichromat,
  author  = {Lumley, Thomas},
  note    = {R package version 1.2-2},
  title   = {dichromat: Color schemes for dichromats},
  year    = {2007}
}

@Manual{effects,
  author  = {Fox, John},
  note    = {R package version 1.0-12},
  title   = {effects: Effect Displays for Linear and Generalized Linear
            Models},
  url     = {http://www.r-project.org,
            http://socserv.socsci.mcmaster.ca/jfox/},
  year    = {2008}
}

@Manual{gplots,
  author  = {source code and/or documentation contributed by Ben Bolker,
            Gregory R. Warnes. Includes R and Lumley, Thomas},
  note    = {R package version 2.6.0},
  title   = {gplots: Various R programming tools for plotting data},
  year    = {2007}
}

@Article{hartigan:1979,
  author  = {Hartigan, J. A. and Wong, M. A.},
  journal = {Applied Statistics},
  keywords= {clustering},
  number  = {100-108},
  title   = {A K-means clustering algorithm},
  volume  = {28},
  year    = {1979}
}

@Manual{hexbin,
  author  = {Carr, Dan and Lewin-Koh, Nicholas and Maechler, Martin},
  note    = {R package version 1.14.0},
  title   = {hexbin: Hexagonal Binning Routines},
  year    = {2008}
}

@Article{inselberg:1985,
  author  = {Inselberg, A.},
  journal = {The Visual Computer},
  keywords= {parallel coordinates},
  pages   = {69--91},
  title   = {{T}he {P}lane with {P}arallel {C}oordinates},
  volume  = 1,
  year    = 1985
}

@Manual{lattice,
  author  = {Sarkar, Deepayan},
  keywords= {no-electronic; software/r},
  note    = {R package version 0.17-6},
  title   = {lattice: Lattice Graphics},
  year    = {2008}
}

@Manual{mapproj,
  author  = {for R by Ray Brownrigg, Doug McIlroy. Packaged and Minka.,
            Thomas P},
  note    = {R package version 1.1-7.1},
  title   = {mapproj: Map Projections},
  year    = {2005}
}

@Article{meyer:2006,
  author  = {Meyer, David and Zeileis, Achim and Hornik, Kurt},
  journal = {Journal of Statistical Software},
  keywords= {plot/area},
  number  = {3},
  pages   = {1-48},
  title   = {The Strucplot Framework: Visualizing Multi-Way Contingency
            Tables with vcd},
  url     = {http://www.jstatsoft.org/v17/i03/},
  volume  = {17},
  year    = {2006}
}

@PhDThesis{murrell:1998,
  author  = {Murrell, Paul},
  school  = {The University of Auckland},
  title   = {Investigations in Graphical Statistics},
  year    = {1998}
}

@Book{murrell:2005,
  author  = {Murrell, Paul},
  keywords= {software/r},
  publisher={Chapman \& Hall/CRC},
  title   = {R graphics},
  year    = {2005}
}

@Manual{plotrix,
  author  = {Lemon, Jim and Bolker, Ben and Oom, Sander and Klein, Eduardo
            and Rowlingson, Barry and Wickham, Hadley and Tyagi, Anupam and
            Eterradossi, Olivier and Grothendieck, Gabor and Toews, Michael
            and Kane, John},
  note    = {R package version 2.4-3},
  title   = {plotrix: Various plotting functions},
  year    = {2008}
}

@Book{robbins:2004,
  author  = {Robbins, Naomi},
  publisher={Wiley-Interscience},
  title   = {Creating More Effective Graphs},
  year    = {2004}
}

@Book{sarkar:2008,
  author  = {Sarkar, Deepayan},
  publisher={Springer},
  title   = {Lattice: Multivariate Data Visualization with R},
  year    = {2008}
}

@Book{tufte:1990,
  address = {Chesire, Connecticut},
  author  = {Tufte, Edward R.},
  keywords= {aesthetics},
  publisher={Graphics Press},
  title   = {Envisioning information},
  year    = 1990
}

@Book{tufte:1997,
  address = {Chesire, Connecticut},
  author  = {Tufte, Edward R.},
  keywords= {aesthetics},
  publisher={Graphics Press},
  title   = {Visual explanations},
  year    = 1997
}

@Book{tufte:2001,
  address = {Chesire, Connecticut},
  author  = {Tufte, Edward R.},
  edition = second,
  keywords= {aesthetics},
  publisher={Graphics Press},
  title   = {The visual display of quantitative information},
  year    = 2001
}

@Book{tufte:2006,
  address = {Chesire, Connecticut},
  author  = {Tufte, Edward R.},
  keywords= {aesthetics},
  publisher={Graphics Press},
  title   = {Beautiful evidence},
  year    = 2006
}

@Book{tukey:1977,
  author  = {Tukey, John W.},
  keywords= {data-analysis},
  publisher={Addison Wesley},
  title   = {Exploratory data analysis},
  year    = {1977},
  annote  = {Exploration vs. confirmation (need to mention obsession of
            statisticians in general with confirmatory analyses). Smoothing
            to see trend, esp. useful when variability high. Founding
            father.}
}

@Article{wegman:1990,
  author  = {Wegman, Edward J.},
  journal = {Journal of the American Statistical Association},
  keywords= {parallel coordinates},
  number  = {411},
  pages   = {664-675},
  title   = {Hyperdimensional Data Analysis Using Parallel Coordinates},
  volume  = {85},
  year    = {1990}
}

@Article{wickham:2007b,
  author  = {Wickham, Hadley},
  journal = {Journal of Statistical Software},
  keywords= {reshape},
  number  = {12},
  title   = {Reshaping data with the reshape package},
  url     = {http://www.jstatsoft.org/v21/i12/paper},
  volume  = {21},
  year    = {2007}
}

@Article{wickham:2007d,
  author  = {Wickham, Hadley},
  journal = {Journal of Computational and Graphical Statistics},
  title   = {A layered grammar of graphics},
  year    = {Tentatively accepted}
}

@PhDThesis{wickham:2008,
  author  = {Wickham, Hadley},
  school  = {Iowa State University},
  title   = {Practical tools for exploring data and models},
  url     = {http://had.co.nz/thesis},
  year    = {2008}
}

@Book{wilkinson:2006,
  author  = {Wilkinson, Leland},
  edition = {2nd},
  keywords= {graphics/theory},
  publisher={Springer},
  series  = {Statistics and Computing},
  title   = {The Grammar of graphics},
  year    = {2005}
}

@Article{zeileis:2008,
  author  = {Zeileis, Achim and Hornik, Kurt and Murrell, Paul},
  journal = {Computational Statistics \& Data Analysis},
  note    = {Forthcoming},
  title   = {Escaping {RGB}land: Selecting Colors for Statistical Graphics},
  url     = {http://statmath.wu-wien.ac.at/~zeileis/papers/Zeileis+Hornik+Murrell-2008.pdf}
            ,
  year    = {2008}
}
